%1
@inproceedings{abe1999mix,
  title={Mix-networks on permutation networks},
  author={Abe, Masayuki},
  booktitle={International Conference on the Theory and Application of Cryptology and Information Security},
  pages={258--273},
  year={1999},
  organization={Springer}
}
%2
@inproceedings{acquisti2003economics,
  title={On the economics of anonymity},
  author={Acquisti, Alessandro and Dingledine, Roger and Syverson, Paul},
  booktitle={International Conference on Financial Cryptography},
  pages={84--102},
  year={2003},
  organization={Springer}
}
%3
@article{back2014enabling,
  title={Enabling blockchain innovations with pegged sidechains},
  author={Back, Adam and Corallo, Matt and Dashjr, Luke and Friedenbach, Mark and Maxwell, Gregory and Miller, Andrew and Poelstra, Andrew and Tim{\'o}n, Jorge and Wuille, Pieter},
  journal={URL: http://www. opensciencereview. com/papers/123/enablingblockchain-innovations-with-pegged-sidechains},
  volume={72},
  year={2014}
}
%4
@inproceedings{bayer2012efficient,
  title={Efficient zero-knowledge argument for correctness of a shuffle},
  author={Bayer, Stephanie and Groth, Jens},
  booktitle={Annual International Conference on the Theory and Applications of Cryptographic Techniques},
  pages={263--280},
  year={2012},
  organization={Springer}
}
%5
@article{besbes2011minimax,
  title={On the minimax complexity of pricing in a changing environment},
  author={Besbes, Omar and Zeevi, Assaf},
  journal={Operations research},
  volume={59},
  number={1},
  pages={66--79},
  year={2011},
  publisher={INFORMS}
}
%6
@inproceedings{biryukov2019deanonymization,
  title={Deanonymization and linkability of cryptocurrency transactions based on network analysis},
  author={Biryukov, Alex and Tikhomirov, Sergei},
  booktitle={2019 IEEE European Symposium on Security and Privacy (EuroS\&P)},
  pages={172--184},
  year={2019},
  organization={IEEE}
}
%7
@inproceedings{bohme2004pet,
  title={On the PET workshop panel “Mix cascades versus peer-to-peer: Is one concept superior?”},
  author={B{\"o}hme, Rainer and Danezis, George and Diaz, Claudia and K{\"o}psell, Stefan and Pfitzmann, Andreas},
  booktitle={International Workshop on Privacy Enhancing Technologies},
  pages={243--255},
  year={2004},
  organization={Springer}
}
%8
@article{bojja2017dandelion,
  title={Dandelion: Redesigning the bitcoin network for anonymity},
  author={Bojja Venkatakrishnan, Shaileshh and Fanti, Giulia and Viswanath, Pramod},
  journal={Proceedings of the ACM on Measurement and Analysis of Computing Systems},
  volume={1},
  number={1},
  pages={1--34},
  year={2017},
  publisher={ACM New York, NY, USA}
}
%9
@book{brands2000rethinking,
  title={Rethinking public key infrastructures and digital certificates: building in privacy},
  author={Brands, Stefan},
  year={2000},
  publisher={Mit Press}
}
%10
@inproceedings{brunjes2020reward,
  title={Reward sharing schemes for stake pools},
  author={Br{\"u}njes, Lars and Kiayias, Aggelos and Koutsoupias, Elias and Stouka, Aikaterini-Panagiota},
  booktitle={2020 IEEE European Symposium on Security and Privacy (EuroS\&P)},
  pages={256--275},
  year={2020},
  organization={IEEE}
}
%11
@inproceedings{burnett2010chipping,
  title={Chipping Away at Censorship Firewalls with User-Generated Content.},
  author={Burnett, Sam and Feamster, Nick and Vempala, Santosh S},
  booktitle={USENIX Security Symposium},
  pages={463--468},
  year={2010},
  organization={Washington, DC}
}
%12
@inproceedings{camenisch2013concepts,
  title={Concepts and languages for privacy-preserving attribute-based authentication},
  author={Camenisch, Jan and Dubovitskaya, Maria and Lehmann, Anja and Neven, Gregory and Paquin, Christian and Preiss, Franz-Stefan},
  booktitle={IFIP Working Conference on Policies and Research in Identity Management},
  pages={34--52},
  year={2013},
  organization={Springer}
}
%13
@article{camenisch2012electronic,
  title={Electronic identities need private credentials},
  author={Camenisch, Jan and Lehmann, Anja and Neven, Gregory},
  journal={IEEE Security \& Privacy},
  volume={10},
  number={1},
  pages={80--83},
  year={2012},
  publisher={IEEE}
}
%14
@inproceedings{camenisch2001efficient,
  title={An efficient system for non-transferable anonymous credentials with optional anonymity revocation},
  author={Camenisch, Jan and Lysyanskaya, Anna},
  booktitle={International conference on the theory and applications of cryptographic techniques},
  pages={93--118},
  year={2001},
  organization={Springer}
}
%15
@article{cannell2019orchid,
  title={Orchid: A decentralized network routing market},
  author={Cannell, Jake S and Sheek, Justin and Freeman, Jay and Hazel, Greg and Rodriguez-Mueller, Jennifer and Hou, Eric and Fox, Brian J and Waterhouse, Steven},
  journal={Tech. Rep.},
  year={2019},
  publisher={Orchid Labs}
}
%16
@article{chaum1981untraceable,
  title={Untraceable electronic mail, return addresses, and digital pseudonyms},
  author={Chaum, David L},
  journal={Communications of the ACM},
  volume={24},
  number={2},
  pages={84--90},
  year={1981},
  publisher={ACM New York, NY, USA}
}
%17
@inproceedings{chaum1983blind,
  title={Blind signatures for untraceable payments},
  author={Chaum, David},
  booktitle={Advances in cryptology},
  pages={199--203},
  year={1983},
  organization={Springer}
}
%18
@article{chaum1985security,
  title={Security without identification: Transaction systems to make big brother obsolete},
  author={Chaum, David},
  journal={Communications of the ACM},
  volume={28},
  number={10},
  pages={1030--1044},
  year={1985},
  publisher={ACM New York, NY, USA}
}
%19
@inproceedings{chaum2017cmix,
  title={cMix: Mixing with minimal real-time asymmetric cryptographic operations},
  author={Chaum, David and Das, Debajyoti and Javani, Farid and Kate, Aniket and Krasnova, Anna and De Ruiter, Joeri and Sherman, Alan T},
  booktitle={International conference on applied cryptography and network security},
  pages={557--578},
  year={2017},
  organization={Springer}
}
%20
@inproceedings{chen2018taranet,
  title={TARANET: Traffic-analysis resistant anonymity at the network layer},
  author={Chen, Chen and Asoni, Daniele E and Perrig, Adrian and Barrera, David and Danezis, George and Troncoso, Carmela},
  booktitle={2018 IEEE European Symposium on Security and Privacy (EuroS\&P)},
  pages={137--152},
  year={2018},
  organization={IEEE}
}
%21
@inproceedings{chen2010side,
  title={Side-channel leaks in web applications: A reality today, a challenge tomorrow},
  author={Chen, Shuo and Wang, Rui and Wang, XiaoFeng and Zhang, Kehuan},
  booktitle={2010 IEEE Symposium on Security and Privacy},
  pages={191--206},
  year={2010},
  organization={IEEE}
}
%22
@misc{
c.elmohamed,
author = “Coinbuzz”,
title = “Isthisstartupthreateningtheentirebitcoinnetwork?”,
howpublished = “Website”,
year = {2015},
note = {\url{http://www.coinbuzz.com/2015/03/15/is-this- startup-threatening-the-entire-bitcoin-network/.}}
}
%23
@article{moller2003mixmaster,
  title={Mixmaster protocol—version 2},
  author={M{\"o}ller, Ulf and Cottrell, Lance and Palfrader, Peter and Sassaman, Len},
  year={2003},
  publisher={IETF Internet Draft IETF}
}
%24
@inproceedings{danezis2004traffic,
  title={The traffic analysis of continuous-time mixes},
  author={Danezis, George},
  booktitle={International Workshop on Privacy Enhancing Technologies},
  pages={35--50},
  year={2004},
  organization={Springer}
}
%25
@article{danezis2009systems,
  title={Systems for anonymous communication},
  author={Danezis, George and Diaz, Claudia and Syverson, Paul},
  journal={Handbook of Financial Cryptography and Security, Cryptography and Network Security Series},
  pages={341--389},
  year={2009}
}
%26
@inproceedings{danezis2007two,
  title={Two-sided statistical disclosure attack},
  author={Danezis, George and Diaz, Claudia and Troncoso, Carmela},
  booktitle={International Workshop on Privacy Enhancing Technologies},
  pages={30--44},
  year={2007},
  organization={Springer}
}
%27
@inproceedings{danezis2010text,
  title={$$\backslash$text $\{$Drac$\}$ $: An Architecture for Anonymous Low-Volume Communications},
  author={Danezis, George and Diaz, Claudia and Troncoso, Carmela and Laurie, Ben},
  booktitle={International Symposium on Privacy Enhancing Technologies Symposium},
  pages={202--219},
  year={2010},
  organization={Springer}
}
%28
@inproceedings{danezis2003mixminion,
  title={Mixminion: Design of a type III anonymous remailer protocol},
  author={Danezis, George and Dingledine, Roger and Mathewson, Nick},
  booktitle={2003 Symposium on Security and Privacy, 2003.},
  pages={2--15},
  year={2003},
  organization={IEEE}
}
%29
@inproceedings{danezis2009sphinx,
  title={Sphinx: A compact and provably secure mix format},
  author={Danezis, George and Goldberg, Ian},
  booktitle={2009 30th IEEE Symposium on Security and Privacy},
  pages={269--282},
  year={2009},
  organization={IEEE}
}
%30
@inproceedings{danezis2003heartbeat,
  title={Heartbeat traffic to counter (n-1) attacks: red-green-black mixes},
  author={Danezis, George and Sassaman, Len},
  booktitle={Proceedings of the 2003 ACM workshop on Privacy in the electronic society},
  pages={89--93},
  year={2003}
}
%31
@inproceedings{danezis2004statistical,
  title={Statistical disclosure or intersection attacks on anonymity systems},
  author={Danezis, George and Serjantov, Andrei},
  booktitle={International Workshop on Information Hiding},
  pages={293--308},
  year={2004},
  organization={Springer}
}
%32
@inproceedings{danezis2006economics,
  title={The Economics of Mass Surveillance},
  author={Danezis, George and Wittneben, Bettina},
  booktitle={Fifth Workshop on the Economics of Information Security},
  year={2006}
}
%33
@inproceedings{das2018anonymity,
  title={Anonymity trilemma: Strong anonymity, low bandwidth overhead, low latency-choose two},
  author={Das, Debajyoti and Meiser, Sebastian and Mohammadi, Esfandiar and Kate, Aniket},
  booktitle={2018 IEEE Symposium on Security and Privacy (SP)},
  pages={108--126},
  year={2018},
  organization={IEEE}
}
%34
@inproceedings{delgado2019txprobe,
  title={Txprobe: Discovering bitcoin’s network topology using orphan transactions},
  author={Delgado-Segura, Sergi and Bakshi, Surya and P{\'e}rez-Sol{\`a}, Cristina and Litton, James and Pachulski, Andrew and Miller, Andrew and Bhattacharjee, Bobby},
  booktitle={International Conference on Financial Cryptography and Data Security},
  pages={550--566},
  year={2019},
  organization={Springer}
}
%35
@article{diaz2005anonymity,
  title={Anonymity and privacy in electronic services},
  author={Diaz, Claudia},
  journal={Heverlee: Katholieke Universiteit Leuven. Faculteit Ingenieurswetenschappen},
  year={2005},
  publisher={Citeseer}
}
%36
@inproceedings{diaz2010impact,
  title={Impact of network topology on anonymity and overhead in low-latency anonymity networks},
  author={Diaz, Claudia and Murdoch, Steven J and Troncoso, Carmela},
  booktitle={International Symposium on Privacy Enhancing Technologies Symposium},
  pages={184--201},
  year={2010},
  organization={Springer}
}
%37
@incollection{diaz2004taxonomy,
  title={Taxonomy of mixes and dummy traffic},
  author={Diaz, Claudia and Preneel, Bart},
  booktitle={Information Security Management, Education and Privacy},
  pages={217--232},
  year={2004},
  publisher={Springer}
}
%38
@inproceedings{diaz2002towards,
  title={Towards measuring anonymity},
  author={Diaz, Claudia and Seys, Stefaan and Claessens, Joris and Preneel, Bart},
  booktitle={International Workshop on Privacy Enhancing Technologies},
  pages={54--68},
  year={2002},
  organization={Springer}
}
%39
@book{diffie2010privacy,
  title={Privacy on the line: The politics of wiretapping and encryption},
  author={Diffie, Whitfield and Landau, Susan},
  year={2010},
  publisher={The MIT Press}
}
%40
@inproceedings{dingledine2001reputation,
  title={A reputation system to increase MIX-net reliability},
  author={Dingledine, Roger and Freedman, Michael J and Hopwood, David and Molnar, David},
  booktitle={International Workshop on Information Hiding},
  pages={126--141},
  year={2001},
  organization={Springer}
}
%41
@inproceedings{dingledine2006anonymity,
  title={Anonymity Loves Company: Usability and the Network Effect.},
  author={Dingledine, Roger and Mathewson, Nick},
  booktitle={WEIS},
  year={2006}
}
%42
@techreport{dingledine2004tor,
  title={Tor: The second-generation onion router},
  author={Dingledine, Roger and Mathewson, Nick and Syverson, Paul},
  year={2004},
  institution={Naval Research Lab Washington DC}
}
%43
@inproceedings{dingledine2006blending,
  title={Blending different latency traffic with alpha-mixing},
  author={Dingledine, Roger and Serjantov, Andrei and Syverson, Paul},
  booktitle={International Workshop on Privacy Enhancing Technologies},
  pages={245--257},
  year={2006},
  organization={Springer}
}
%44
@inproceedings{dingledine2002reliable,
  title={Reliable MIX cascade networks through reputation},
  author={Dingledine, Roger and Syverson, Paul},
  booktitle={International Conference on Financial Cryptography},
  pages={253--268},
  year={2002},
  organization={Springer}
}
%45
@inproceedings{egger2013practical,
  title={Practical attacks against the I2P network},
  author={Egger, Christoph and Schlumberger, Johannes and Kruegel, Christopher and Vigna, Giovanni},
  booktitle={International workshop on recent advances in intrusion detection},
  pages={432--451},
  year={2013},
  organization={Springer}
}
%46
@article{fanti2018dandelion++,
  title={Dandelion++ lightweight cryptocurrency networking with formal anonymity guarantees},
  author={Fanti, Giulia and Venkatakrishnan, Shaileshh Bojja and Bakshi, Surya and Denby, Bradley and Bhargava, Shruti and Miller, Andrew and Viswanath, Pramod},
  journal={Proceedings of the ACM on Measurement and Analysis of Computing Systems},
  volume={2},
  number={2},
  pages={1--35},
  year={2018},
  publisher={ACM New York, NY, USA}
}
%47
@article{franz1998payment,
  title={A payment scheme for mixes providing anonymity},
  author={Franz, Elke and Jerichow, Anja and Wicke, Guntram},
  journal={Trends in Distributed Systems for Electronic Commerce},
  pages={94--108},
  year={1998},
  publisher={Springer}
}
%48
@article{goldberg1999freedom,
  title={Freedom network 1.0 architecture and protocols},
  author={Goldberg, Ian and Shostack, Adam},
  journal={Zero-Knowledge Systems White Paper},
  year={1999}
}
%49
@inproceedings{goldschlag1996hiding,
  title={Hiding routing information},
  author={Goldschlag, David M and Reed, Michael G and Syverson, Paul F},
  booktitle={International workshop on information hiding},
  pages={137--150},
  year={1996},
  organization={Springer}
}
%50
@inproceedings{golle2004universal,
  title={Universal re-encryption for mixnets},
  author={Golle, Philippe and Jakobsson, Markus and Juels, Ari and Syverson, Paul},
  booktitle={Cryptographers’ Track at the RSA Conference},
  pages={163--178},
  year={2004},
  organization={Springer}
}
%51
@inproceedings{greschbach2012devil,
  title={The devil is in the metadata—New privacy challenges in Decentralised Online Social Networks},
  author={Greschbach, Benjamin and Kreitz, Gunnar and Buchegger, Sonja},
  booktitle={2012 IEEE international conference on pervasive computing and communications workshops},
  pages={333--339},
  year={2012},
  organization={IEEE}
}
%52
@inproceedings{halpin2020nym,
  title={Nym credentials: Privacy-preserving decentralized identity with blockchains},
  author={Halpin, Harry},
  booktitle={2020 Crypto Valley Conference on Blockchain Technology (CVCBT)},
  pages={56--67},
  year={2020},
  organization={IEEE}
}
%53
@inproceedings{heilman2015eclipse,
  title={Eclipse attacks on bitcoin’s peer-to-peer network},
  author={Heilman, Ethan and Kendler, Alison and Zohar, Aviv and Goldberg, Sharon},
  booktitle={24th $\{$USENIX$\}$ Security Symposium ($\{$USENIX$\}$ Security 15)},
  pages={129--144},
  year={2015}
}
%54
@inproceedings{herrmann2011privacy,
  title={Privacy-implications of performance-based peer selection by onion-routers: a real-world case study using I2P},
  author={Herrmann, Michael and Grothoff, Christian},
  booktitle={International Symposium on Privacy Enhancing Technologies Symposium},
  pages={155--174},
  year={2011},
  organization={Springer}
}
%55
@inproceedings{hoang2018empirical,
  title={An empirical study of the i2p anonymity network and its censorship resistance},
  author={Hoang, Nguyen Phong and Kintis, Panagiotis and Antonakakis, Manos and Polychronakis, Michalis},
  booktitle={Proceedings of the Internet Measurement Conference 2018},
  pages={379--392},
  year={2018}
}
%56
@misc{
c.elmohamed,
author = “HOPR”,
title = “”,
year = {},
note = {\url{ https://hoprnet.org}
}
%57
@misc{
c.elmohamed,
author = “Eric Hughes”,
title = “A cypherpunk’s manifesto”,
year = {2020},
note = {\url{https://news.bitcoin.com/eric-hughes-a-cypherpunks-manifesto/}}
}
%58
@misc{
c.elmohamed,
author = “Invisible Internet Project (I2P)”,
title = “”,
year = {},
note = {\url{https://geti2p.net/en/}}
}
%59
@article{iwamura2019can,
  title={Can we stabilize the price of a cryptocurrency?: Understanding the design of Bitcoin and its potential to compete with Central Bank money},
  author={Iwamura, Mitsuru and Kitamura, Yukinobu and Matsumoto, Tsutomu and Saito, Kenji},
  journal={Hitotsubashi Journal of Economics},
  pages={41--60},
  year={2019},
  publisher={JSTOR}
}
%60
@techreport{jansen2013lira,
  title={LIRA: Lightweight incentivized routing for anonymity},
  author={Jansen, Rob and Johnson, Aaron and Syverson, Paul},
  year={2013},
  institution={NAVAL RESEARCH LAB WASHINGTON DC}
}
%61
@inproceedings{jeong2016longitudinal,
  title={A longitudinal analysis of. i2p leakage in the public DNS infrastructure},
  author={Jeong, Seong Hoon and Kang, Ah Reum and Kim, Joongheon and Kim, Huy Kang and Mohaisen, Aziz},
  booktitle={Proceedings of the 2016 ACM SIGCOMM Conference},
  pages={557--558},
  year={2016}
}
%62
@inproceedings{johnson2013users,
  title={Users get routed: Traffic correlation on Tor by realistic adversaries},
  author={Johnson, Aaron and Wacek, Chris and Jansen, Rob and Sherr, Micah and Syverson, Paul},
  booktitle={Proceedings of the 2013 ACM SIGSAC conference on Computer \& communications security},
  pages={337--348},
  year={2013}
}
%63
@inproceedings{juarez2014critical,
  title={A critical evaluation of website fingerprinting attacks},
  author={Juarez, Marc and Afroz, Sadia and Acar, Gunes and Diaz, Claudia and Greenstadt, Rachel},
  booktitle={Proceedings of the 2014 ACM SIGSAC Conference on Computer and Communications Security},
  pages={263--274},
  year={2014}
}
%64
@inproceedings{kappos2021empirical,
  title={An empirical analysis of privacy in the lightning network},
  author={Kappos, George and Yousaf, Haaroon and Piotrowska, Ania and Kanjalkar, Sanket and Delgado-Segura, Sergi and Miller, Andrew and Meiklejohn, Sarah},
  booktitle={International Conference on Financial Cryptography and Data Security},
  pages={167--186},
  year={2021},
  organization={Springer}
}
%65
@misc{
c.elmohamed,
author = “ Jacob Kastrenakes”,
title = “NordVPN reveals server breach that could have let attacker monitor traffic.”,
year = {2019},
note = {\url{https://www.theverge.com/2019/10/21/20925065/nordvpn-server-breach-vpn-traffic-exposed-encryptio}}
}